% bmc_article.bib
% 
%  An example of bibtex entries.
%  Entries taken from BMC instructions for authors page.

% uncomment next line to make author-year bibliography
% @settings{label, options="nameyear"}
@article{jaffe2012fastg,
title = {{The FASTG Format Specification (v1.00). http}},
author = {Jaffe, DB and others},
url = {http://fastg.sourceforge.net/FASTG_Spec_v1.00.pdf},
year = {2012}
}


@online{FASTAformat,
author = {NCBI},
title = {{Accepted input formats}},
url = {http://blast.ncbi.nlm.nih.gov/blastcgihelp.shtml},
year = {Accessed: 2015-08-06},
}


@article{comm1970abbreviations,
title = {{Abbreviations and symbols for nucleic acids, polynucleotides, and their constituents}},
author = {Comm, IUPAC-IUB},
journal = {Biochemistry},
volume = {9},
number = {20},
pages = {4022--4027},
year = {1970},
publisher = {ACS Publications},
}


@article{langmead2012fast,
title = {{Fast gapped-read alignment with Bowtie 2}},
author = {Langmead, Ben and Salzberg, Steven L},
journal = {Nature methods},
volume = {9},
number = {4},
pages = {357--359},
year = {2012},
publisher = {Nature Publishing Group},
}


@article{bolger2014trimmomatic,
title = {{Trimmomatic: a flexible trimmer for Illumina sequence data}},
author = {Bolger, Anthony M and Lohse, Marc and Usadel, Bjoern},
journal = {Bioinformatics},
pages = {btu170},
year = {2014},
publisher = {Oxford Univ Press},
}


@article{PMID:10827456,
title = {{EMBOSS: the European Molecular Biology Open Software Suite}},
author = {Rice, P and Longden, I and Bleasby, A},
doi = {10.1016/s0168-9525(00)02024-2},
number = {6},
volume = {16},
month = {June},
year = {2000},
journal = {Trends in genetics : TIG},
issn = {0168-9525},
pages = {276—277},
url = {http://dx.doi.org/10.1016/S0168-9525(00)02024-2},
}


@misc{Li2013,
author = {Li, H.},
title = {{seqtk}},
year = {2013},
publisher = {GitHub},
journal = {GitHub repository},
url = {https://github.com/lh3/seqtk},
commit = {4feb6e81444ab6bc44139dd3a125068f81ae4ad8},
}


@article{bioperl,
author = {Stajich, J. E. and Block, D. and Boulez, K. and Brenner, S. E. and Chervitz, S. A. and Dagdigian, C. and Fuellen, G. and Gilbert, J. G. and Korf, I. and Lapp, H. and Lehvaslaiho, H. and Matsalla, C. and Mungall, C. J. and Osborne, B. I. and Pocock, M. R. and Schattner, P. and Senger, M. and Stein, L. D. and Stupka, E. and Wilkinson, M. D. and Birney, E.},
journal = {Genome Res},
number = {10},
pages = {1611--8},
title = {{The {B}ioperl toolkit: {P}erl modules for the life sciences.}},
volume = {12},
year = {2002},
}


@article{bioperl2,
author = {Stein, L. D. and Mungall, C. and Shu, S. and Caudy, M. and Mangone, M. and Day, A. and Nickerson, E. and Stajich, J. E. and Harris, T. W. and Arva, A. and Lewis, S.},
journal = {Genome Res},
number = {10},
pages = {1599--610},
title = {{The generic genome browser: a building block for a model organism system database.}},
volume = {12},
year = {2002},
}


@article{bioperl3,
author = {Stajich, Jason E. and Hahn, Matthew W.},
doi = {10.1093/molbev/msh252},
issn = {0737-4038},
journal = {Molecular biology and evolution},
month = {jan},
number = {1},
pages = {63--73},
pmid = {15356276},
title = {{Disentangling the effects of demography and selection in human history.}},
url = {http://dx.doi.org/10.1093/molbev/msh252},
volume = {22},
year = {2005},
}


@article{Lindblad_Toh_2011,
doi = {10.1038/nature10530},
url = {http://dx.doi.org/10.1038/nature10530},
year = {2011},
month = {oct},
publisher = {Nature Publishing Group},
volume = {478},
number = {7370},
pages = {476--482},
author = {Kerstin Lindblad-Toh and Manuel Garber and Or Zuk and Michael F. Lin and Brian J. Parker and Stefan Washietl and Pouya Kheradpour and Jason Ernst and Gregory Jordan and Evan Mauceli and Lucas D. Ward and Craig B. Lowe and Alisha K. Holloway and Michele Clamp and Sante Gnerre and Jessica Alföldi and Kathryn Beal and Jean Chang and Hiram Clawson and James Cuff and Federica Di Palma and Stephen Fitzgerald and Paul Flicek and Mitchell Guttman and Melissa J. Hubisz and David B. Jaffe and Irwin Jungreis and W. James Kent and Dennis Kostka and Marcia Lara and Andre L. Martins and Tim Massingham and Ida Moltke and Brian J. Raney and Matthew D. Rasmussen and Jim Robinson and Alexander Stark and Albert J. Vilella and Jiayu Wen and Xiaohui Xie and Michael C. Zody and Jen Baldwin and Toby Bloom and Chee Whye Chin and Dave Heiman and Robert Nicol and Chad Nusbaum and Sarah Young and Jane Wilkinson and Kim C. Worley and Christie L. Kovar and Donna M. Muzny and Richard A. Gibbs and Andrew Cree and Huyen H. Dihn and Gerald Fowler and Shalili Jhangiani and Vandita Joshi and Sandra Lee and Lora R. Lewis and Lynne V. Nazareth and Geoffrey Okwuonu and Jireh Santibanez and Wesley C. Warren and Elaine R. Mardis and George M. Weinstock and Richard K. Wilson and Kim Delehaunty and David Dooling and Catrina Fronik and Lucinda Fulton and Bob Fulton and Tina Graves and Patrick Minx and Erica Sodergren and Ewan Birney and Elliott H. Margulies and Javier Herrero and Eric D. Green and David Haussler and Adam Siepel and Nick Goldman and Katherine S. Pollard and Jakob S. Pedersen and Eric S. Lander and Manolis Kellis},
title = {{A high-resolution map of human evolutionary constraint using 29 mammals}},
journal = {Nature},
}

@article{blank,
	author  = {},
	title   = {},
	journal = {},
	year  = {},
	  month = {},
	  volume= {},
	  number= {},
	  pages = {},
	  note  = {}
}

% Article within a journal
@ARTICLE{koon,
	author  = {Koonin, E V and Altschul, S F and P Bork}, 
	title   = {BRCA1 protein products: functional motifs}, 
	journal = {Nat Genet}, 
	year    = {1996},
	volume  = {13}, 
	pages   = {266-267}
}	

% Article within a journal supplement
@ARTICLE{oreg,
	author  = {Orengo, C A and Bray, J E and Hubbard, 
		   T and LoConte, L and Sillitoe, I}, 
	title   = {Analysis and assessment of ab initio 
		   three-dimensional prediction, secondary 
		   structure, and contacts prediction},
	journal = {Proteins}, 
	year    = {1999},
	volume  = {Suppl 3}, 
	pages   = {149-170}
}	

% In press article
@inpress{khar,
	author  = {Kharitonov, S A and Barnes, P J}, 
	title   = {Clinical aspects of exhaled nitric oxide},
	journal = {Eur Respir J}, 
	note    = {in press} 
}	

%
% Published abstract
%
@ARTICLE{zvai,
	author  = {Zvaifler, N J and Burger, J A and Marinova-Mutafchieva, 
		   L and Taylor, P and Maini, R N},
	title   = {Mesenchymal cells, stromal derived factor-1 and 
		   rheumatoid arthritis [abstract]},
	journal = {Arthritis Rheum}, 
	year    = {1999},
	volume  = {42}, 
	pages   = {s250},
}	


%
% Article within conference proceedings
%
@Inproceedings{xjon,
	author    = {X Jones}, 
	title     = {Zeolites and synthetic mechanisms},
	booktitle = {Proceedings of the First National Conference on 
		     Porous Sieves: 27-30 June 1996; Baltimore},
	year      = {1996},
	  editor  = {Y Smith}, 
	  pages   = {16-27},
	  organization  = {Stoneham: Butterworth-Heinemann}
}	

%%%%%%%%
%  Book chapter, or article within a book
%
@incollection{schn,
	author    = {E Schnepf}, 
	title     = {From prey via endosymbiont to plastids: 
		     comparative studies in dinoflagellates},
	booktitle = {Origins of Plastids}, 
	editor    = {R A Lewin}, 
	publisher = {Chapman and Hall},
	pages     = {53-76}, 
	year      = {1993},
	  address = {New York}, 
	  volume  = {2}, 
	  edition = {2nd} 
}	

%%%%%%%%
% Whole issue of journal
%
@wholejournal{pond,
	editor  = {B Ponder and S Johnston and L Chodosh}, 
	title   = {Innovative oncology},
	journal = {Breast Cancer Res}, 
	year  = {1998},
	  volume= {10}, 
	  pages = {1-72}
}	


%%%%%%%%
% Whole conference proceedings
%
@proceedings{smith,
	editor  = {Y Smith}, 
	title   = {Proceedings of the First National Conference
		   on Porous Sieves: 27-30 June 1996; Baltimore},
	year = 1996,
	  address= {Stoneham}, 
	  publisher = {Butterworth-Heinemann},
}	


%%%%%%%%
% Complete book
%
@book{marg,
	author    = {L Margulis}, 
	title     = {Origin of Eukaryotic Cells},
	publisher = {Yale University Press}, 
	year      = {1970},
	address   = {New Haven} 
}



%%%%%%%%
% Monograph or book in series 
%
@incollection{hunn,
	author    = {G W Hunninghake and J E Gadek}, 
	title     = {The alveloar macrophage},
	booktitle = {Cultured Human Cells and Tissues},
	publisher = {Academic Press}, 
	year      = {1995},
  pages      = {54-56},
	  editor   = {T J R Harris}, 
	  address  = {New York}, 
	  note     = {Stoner G (Series Editor): Methods and Perspectives in Cell Biology, vol 1} 
}


%%%%%%%%
% Book with institutional author
@manual{advi,
	  title   = {Annual Report}, 
	    organization  = {Advisory Committee on Genetic Modification}, 
	    address = {London},
	    year    = {1999}
}


%%%%%%%%
% PHD Thesis
%
@phdthesis{koha,
	author = {R Kohavi}, 
	title  = {Wrappers for performance enhancement and
		  obvious decision graphs},
	school = {Stanford University, Computer Science Department},
	year   = {1995}
}

%%%%%%%%
% Webpage Link / URL
%
@webpage{mouse,
	title  = {The Mouse Tumor Biology Database},
	url = {http://tumor.informatics.jax.org/cancer\_links.html}
}


