@article{jaffe2012fastg,
  title = {{The FASTG Format Specification (v1. 00). h ttp}},
  author = {Jaffe, DB and others},
  journal = {fastg. sour ceforge. net/FASTG\_Spec\_v1. 00. pdf.(27 February 2013, date last accessed)},
  year = {2012},
}


@online{FASTAformat,
  author = {NCBI},
  title = {{Accepted input formats}},
  url = {http://blast.ncbi.nlm.nih.gov/blastcgihelp.shtml},
  urldate = {Accessed: 2015-08-06},
  year = {Accessed: 2015-08-06},
}


@article{comm1970abbreviations,
  title = {{Abbreviations and symbols for nucleic acids, polynucleotides, and their constituents}},
  author = {Comm, IUPAC-IUB},
  journal = {Biochemistry},
  volume = {9},
  number = {20},
  pages = {4022--4027},
  year = {1970},
  publisher = {ACS Publications},
}


@article{langmead2012fast,
  title = {{Fast gapped-read alignment with Bowtie 2}},
  author = {Langmead, Ben and Salzberg, Steven L},
  journal = {Nature methods},
  volume = {9},
  number = {4},
  pages = {357--359},
  year = {2012},
  publisher = {Nature Publishing Group},
}


@article{bolger2014trimmomatic,
  title = {{Trimmomatic: a flexible trimmer for Illumina sequence data}},
  author = {Bolger, Anthony M and Lohse, Marc and Usadel, Bjoern},
  journal = {Bioinformatics},
  pages = {btu170},
  year = {2014},
  publisher = {Oxford Univ Press},
}


@article{PMID:10827456,
  title = {{EMBOSS: the European Molecular Biology Open Software Suite}},
  author = {Rice, P and Longden, I and Bleasby, A},
  doi = {10.1016/s0168-9525(00)02024-2},
  number = {6},
  volume = {16},
  month = {June},
  year = {2000},
  journal = {Trends in genetics : TIG},
  issn = {0168-9525},
  pages = {276â€”277},
  url = {http://dx.doi.org/10.1016/S0168-9525(00)02024-2},
}
